@ARTICLE{cfp,
   author = {{Jonu{\v s}as}, J. and {Mitchell}, J.~D. and {Pfeiffer}, M.},
    title = "{Two variants of the Froiduire-Pin Algorithm for finite semigroups}",
  journal = {ArXiv e-prints},
archivePrefix = "arXiv",
   eprint = {1704.04084},
 primaryClass = "math.GR",
 keywords = {Mathematics - Group Theory, Computer Science - Mathematical Software, 20M10},
     year = 2017,
    month = apr,
   adsurl = {http://adsabs.harvard.edu/abs/2017arXiv170404084J},
  adsnote = {Provided by the SAO/NASA Astrophysics Data System}
},
@Inbook{fpin,
author="Froidure, V{\'e}ronique
and Pin, Jean-Eric",
editor="Cucker, Felipe
and Shub, Michael",
title="Algorithms for computing finite semigroups",
bookTitle="Foundations of Computational Mathematics: Selected Papers of a Conference Held at Rio de Janeiro, January 1997",
year="1997",
publisher="Springer Berlin Heidelberg",
address="Berlin, Heidelberg",
pages="112--126",
abstract="The aim of this paper is to present algorithms to compute finite semigroups. The semigroup is given by a set of generators taken in a larger semigroup, called the ``universe''. This universe can be for instance the semigroup of all functions, partial functions, or relations on the set <1,{\ldots},n>, or the semigroup of {\texttimes} n matrices with entries in a given finite semiring.",
isbn="978-3-642-60539-0",
doi="10.1007/978-3-642-60539-0_9",
url="https://doi.org/10.1007/978-3-642-60539-0_9"
},
@misc{cfpcpp,
author="J.D Mitchell et al.",
title="Semigroups - GAP Package",
howpublished="\textit{https://github.com/gap-packages/Semigroups}"
},
@manual{GAP4,
  key          = "GAP",
  organization = "The GAP~Group",
  title        = "{GAP -- Groups, Algorithms, and Programming,
                  Version 4.8.8}",
  year         = 2017,
  url          = "\verb+(http://www.gap-system.org)+",
},
@misc{project,
author="Alasdair G. Macindoe",
title="Parallel semigroups GAP",
howpublished="\textit{https://github.com/Alasdair-Macindoe/parallel-sgrp-gap}"
},
@misc{hpcsol,
author="Markus Pfeiffer",
title="Fix MigrateObjects for empty list of objects",
howpublished="\textit{https://github.com/gap-system/gap/pull/1602}"},
@misc{ds,
author="Max Horn et al.",
title="Datastructures",
howpublished="\textit{https://github.com/gap-packages/datastructures}"}
